<record><leader>00000cas a2200000 a 4500</leader><controlfield tag="001">13440229</controlfield><controlfield tag="008">860416d18691869miuwr ne      0    0eng c</controlfield><datafield ind1=" " ind2=" " tag="010"><subfield code="a">sn 85038714 </subfield></datafield><datafield ind1=" " ind2=" " tag="040"><subfield code="a">NPY</subfield><subfield code="b">eng</subfield><subfield code="c">NPY</subfield><subfield code="d">NPX</subfield><subfield code="d">MHN</subfield><subfield code="d">OCL</subfield><subfield code="d">OCLCQ</subfield><subfield code="d">OCLCF</subfield><subfield code="d">OCLCO</subfield></datafield><datafield ind1="1" ind2=" " tag="029"><subfield code="a">AU@</subfield><subfield code="b">000022168146</subfield></datafield><datafield ind1=" " ind2=" " tag="042"><subfield code="a">pcc</subfield></datafield><datafield ind1=" " ind2=" " tag="043"><subfield code="a">n-us-mi</subfield></datafield><datafield ind1="0" ind2=" " tag="130"><subfield code="a">Port Huron times (Port Huron, Mich. : 1869)</subfield></datafield><datafield ind1="1" ind2="0" tag="245"><subfield code="a">Port Huron times.</subfield></datafield><datafield ind1=" " ind2=" " tag="260"><subfield code="a">Port Huron, Mich. :</subfield><subfield code="b">Port Huron Times Co.</subfield></datafield><datafield ind1=" " ind2=" " tag="300"><subfield code="a">v. ;</subfield><subfield code="c">56 cm.</subfield></datafield><datafield ind1=" " ind2=" " tag="310"><subfield code="a">Weekly</subfield></datafield><datafield ind1="0" ind2=" " tag="362"><subfield code="a">Vol. 1, no. 1 (June 25, 1869)-v. 1, no. 11 (Sept. 3, 1869).</subfield></datafield><datafield ind1=" " ind2=" " tag="500"><subfield code="a">Editor: James H. Stone, &lt;1869&gt;.</subfield></datafield><datafield ind1=" " ind2="0" tag="651"><subfield code="a">Port Huron (Mich.)</subfield><subfield code="v">Newspapers.</subfield></datafield><datafield ind1=" " ind2="0" tag="651"><subfield code="a">Saint Clair County (Mich.)</subfield><subfield code="v">Newspapers.</subfield></datafield><datafield ind1=" " ind2="7" tag="655"><subfield code="a">Newspapers.</subfield><subfield code="2">fast</subfield><subfield code="0">(OCoLC)fst01423814</subfield></datafield><datafield ind1=" " ind2="7" tag="651"><subfield code="a">Michigan</subfield><subfield code="z">Port Huron.</subfield><subfield code="2">fast</subfield><subfield code="0">(OCoLC)fst01224208</subfield></datafield><datafield ind1=" " ind2="7" tag="651"><subfield code="a">Michigan</subfield><subfield code="z">Saint Clair County.</subfield><subfield code="2">fast</subfield><subfield code="0">(OCoLC)fst01218750</subfield></datafield><datafield ind1=" " ind2=" " tag="752"><subfield code="a">United States</subfield><subfield code="b">Michigan</subfield><subfield code="c">Saint Clair</subfield><subfield code="d">Port Huron.</subfield></datafield><datafield ind1="0" ind2="0" tag="785"><subfield code="t">Port Huron weekly times (Port Huron, Mich. : 1869)</subfield><subfield code="w">(DLC)sn 96077475</subfield><subfield code="w">(OCoLC)36172241</subfield></datafield></record>